@ARTICLE{Drimmel:2018,
       author = {{Drimmel}, Ronald and {Poggio}, Eloisa},
        title = "{On the Solar Velocity}",
      journal = {Research Notes of the American Astronomical Society},
         year = 2018,
        month = nov,
       volume = {2},
       number = {4},
          eid = {210},
        pages = {210},
          doi = {10.3847/2515-5172/aaef8b},
       adsurl = {https://ui.adsabs.harvard.edu/abs/2018RNAAS...2..210D},
      adsnote = {Provided by the SAO/NASA Astrophysics Data System}
}

@article{Tallada:2020,
     title = "CosmoHub: Interactive exploration and distribution of astronomical data on Hadoop",
   journal = "Astronomy and Computing",
    volume = "32",
     pages = "100391",
      year = "2020",
      issn = "2213-1337",
       doi = "https://doi.org/10.1016/j.ascom.2020.100391",
       url = "http://www.sciencedirect.com/science/article/pii/S2213133720300457",
    author = "P. Tallada and J. Carretero and J. Casals and C. Acosta-Silva and S. Serrano and M. Caubet and F.J. Castander and E. César and M. Crocce and M. Delfino and M. Eriksen and P. Fosalba and E. Gaztañaga and G. Merino and C. Neissner and N. Tonello",
  keywords = "Apache Hadoop, Apache Hive, Data exploration, Data distribution, FITS, ASDF"
}

@INPROCEEDINGS{Carretero:2017,
       author = {{Carretero}, J. and {Tallada}, P. and {Casals}, J. and {Caubet}, M. and {Castander}, F. and {Blot}, L. and {Alarc{\'o}n}, A. and {Serrano}, S. and {Fosalba}, P. and {Acosta-Silva}, C. and {Tonello}, N. and {Torradeflot}, F. n. and {Eriksen}, M. and {Neissner}, C. and {Delfino}, M.},
        title = "{CosmoHub and SciPIC: Massive cosmological data analysis, distribution and generation using a Big Data platform}",
    booktitle = {Proceedings of the European Physical Society Conference on High Energy Physics. 5-12 July},
         year = 2017,
        month = jul,
          eid = {488},
        pages = {488},
       adsurl = {https://ui.adsabs.harvard.edu/abs/2017ehep.confE.488C},
      adsnote = {Provided by the SAO/NASA Astrophysics Data System}
}
